m@inproceedings{morais04a,
  author  = {T. Morais and J. C. A. de Figueiredo and D. D. S. Guerrero},
  title  = {{Simulação Automática e Geração de Espaço de Estados de Modelos RPOO}},
  year   = {2004},
  month    = {Agosto},
  address    = {Campina Grande - Brasil},
  booktitle    = {{III Workshop de Dissertações da COPIN}},
}

@inproceedings{dwyer01a,
 author  = {M. B. Dwyer and J. Hatcliff and R. Joehanes
and S. Laubach and C. S. Pasareanu and H. Zheng and W. Visser},
 title  = {Tool-supported program abstraction for finite-state verification},
 year   = {2001},
pages    = {177--187},
 booktitle   = {Proceedings of the 23rd international conference on Software
engineering},
 publisher    = {IEEE Computer Society},
 isbn    = {0-7695-1050-7},
 location    = {Toronto, Ontario, Canada},
}

@inproceedings{visser,
        author = "G. Brat, K. Havelund, S. Park and W.
        Visser",
        title = "Java PathFinder - A second generation of a
        Java model checker",
        month = "July",
        year = "2000",
        booktitle = "Workshop on Advances in
        Verification"
}

@inproceedings{gallindo01a,
         author  = {E. L. Gallindo and D. D. S. Guerrero and A. Perkusich and J. C.
A. de Figueiredo},
        title  = {{Aplica�e de uma Nota�o baseada em Redes
de Petri e Orienta�o a Objetos: Um Experimento de Modelagem}},
        year   = {2001},
        month    = {Outubro},
        address    = {Rio de Janeiro - Brasil},
        booktitle    = {IV Workshop de M�odos Formais}
}

@article{johnson88,
        author = "R. E. Johnson and B. Foote",
        title = "{Designing Reusable Classes}",
        journal = "Journal of Object-Oriented Programming",
        volume = "1",
        number = "2",
        pages = "22--35",
        year = "1988"
}

@article{murata89petri,
    author = "T. Murata",
    title = "{Petri Nets: properties, analysis, and applications}",
    journal = "Proceedings of the {IEEE}",
    volume = "77",
    number = "4",
    pages = "541--580",
    year = "1989"
}

@article{kristensen,
    author = "Lars M. Kristensen and Soren Christensen and Kurt Jensen",
    title = "{The practitioners Guide to Coloured Pertri Nets}",
    journal = "International Journal on Software Tools
        for Technology Transfer {STTT}",
    volume = "2",
    number = "2",
    pages = "98--132",
    year = "1998"
}

@article{holzmann,
        author = "Gerald J. Holzmann",
        title = "The Model Checker Spin",
        journal = "IEEE Trans. on Software Engineering",
        volume = "23",
        number = "5",
        month = "May",
        year = "1997",
        pages = "279--295"
}

@article{havenlund,
        author = "Klaus Havelund and Tom Pressburger",
        title = "Model Checking Java Programs Using Java PathFinder",
        journal = "International Journal on Software Tools
        for Technology Transfer {STTT}",
        volume = "2",
        number = "4",
        month = "April",
        year = "2000"
}

@book{jensen92,
    author = "K. Jensen",
    title = "{Coloured Petri Nets 1: Basic Concepts, Analysis Methods and Practical Use}",
    publisher = "Springer-Verlag",
    address = "Berlin, Alemanha",
    volume="1",
    year = "1992"
}

@book{jensen94,
    author = "K. Jensen",
    title = "{Coloured Petri Nets 2: Basic Concepts, Analysis Methods and Practical Use}",
    publisher = "Springer-Verlag",
    address = "Berlin, Alemanha",
    volume="2",
    year = "1994"
}

@book{jensen97,
    author = "K. Jensen",
    title = "{Coloured Petri Nets 3: Basic Concepts, Analysis Methods and Practical Use}",
    publisher = "Springer-Verlag",
    address = "Berlin, Alemanha",
    volume="3",
    year = "1997"
}

@PHDTHESIS{phd:guerrero,
    AUTHOR = {Dalton D. Serey Guerrero},
    TITLE = {Redes de Petri Orientadas a Objetos},
    SCHOOL = {Curso de P�-gradu�o em Engenharia El�rica, Universidade Federal da Para�a -- Campus II},
    YEAR = {2002},
    ADDRESS = {Campina Grande, Para\'{\i}ba, Brasil},
    MONTH = apr
}

@INPROCEEDINGS{rodrigues03a,
    AUTHOR = {C�sio L. Rodrigues and Jorge C. A. de Figueiredo
    and Dalton D. S. Guerrero},
    TITLE = {Verifica�o de Modelos em Redes de Petri Orientadas a
Objetos},
    BOOKTITLE = {VII Workshop de Teses e Disserta�es},
    ADDRESS = {Manaus - Brasil},
    MONTH = {Outubro},
    YEAR = {2003}
}

@MASTERSTHESIS{msc:rodrigues,
   AUTHOR = {C�sio L. Rodrigues},
        SCHOOL = {COPIN - Universidade Federal de Campina Grande},
   TITLE = {Verifica�o de Modelos em Redes de Petri Orientadas a Objetos},
   YEAR = {2004}
}

@MASTERSTHESIS{msc:santos,
   AUTHOR = {Jos�Amancio Macedo Santos},
        SCHOOL = {COPIN - Universidade Federal de Campina Grande},
   TITLE = {Suporte �An�ise e Verifica�o de Modelos RPOO},
   YEAR = {2003}
}

@MASTERSTHESIS{msc:figueiredo,
   AUTHOR = {Andr�Luiz Lima de Figueiredo},
        SCHOOL = {COPIN - Universidade Federal de Campina Grande},
   TITLE = {Gera�o Autom�ica de Casos de Teste para Sistemas Baseados em Agentes M�eis},
   YEAR = {2005}
}


@MASTERSTHESIS{msc:haagh94,
    AUTHOR = {Torben Bisgaard Haagh and Tommy Rudmose Hansen},
    SCHOOL = {University of Aarhus},
    TITLE = {Optimising a coloured Petri net simulator},
    YEAR = {1994},
        MONTH = {dec}
}

@TECHREPORT{guerra-morais03,
    AUTHOR = {Fabrício V. A. Guerra and Taciano de Morais Silva},
    TITLE = {Formal Object-oriented Modeling and
        Validation of Mobile IP},
    NUMBER = {1},
    MONTH = {Outubro},
    PAGES = {18},
    YEAR = {2003}
}

@Misc{omg-uml,
author = {OMG},
title = {OMG Unified Modeling Language Specification 1.5},
howpublished = {PDF on-line: http://www.omg.org},
month = {March},
year = {2003}
}

@Misc{poseidon,
author = {gentleware},
title = {Poseidon - UML modeling tools},
howpublished = {Download http://www.gentleware.com},
year = {2004}
}

@Misc{w3c-xml,
author = {W3C World Wide Web Consortium},
title = {Extensible Markup Language (XML)},
howpublished = {On-line: http://www.w3.org/XML},
year = {2004}
}

@TechReport{Fernandez-Aldebaran,
author = {Jean-Claude Fernandez},
title = {Aldebaran: A Tool for Verification of Communicating Processes},
institution = {Rapport SPECTRE, C14, Laboratoire de Gásie Informatique -
Institut IMAG},
year = {1989},
month = {Setembro},
address = {Grenoble - França}
}

@INPROCEEDINGS{figueiredo+04a,
  AUTHOR =       "A. L. L. Figueiredo and P. D. L. Machado",
  TITLE =        "Geração Automática de Casos de Teste para Sistemas Baseados em
Agentes Móveis",
  BOOKTITLE =    "III Workshop de Teses e Dissertações em Qualidade de
Software",
  YEAR =         "2004",
  address =      "Brasília - Brasil",
  month =        "Junho"
}

@mastersthesis{Guedes02,
        author = "Guedes, F. P.",
        title = "Um Modelo para o Desenvolvimento de Aplicações Baseadas em Agentes Móveis",
        school = "Universidade Federal de Campina Grande",
        year = "2002"
}

@Article{machado04,
author = {Patrícia Machado and Elthon Oliveira and Paulo Barbosa and Cassio Rodrigues},
title = {Algebraic Specification-Based Testing: The Veritas Case Study},
journal = {Simpósio Brasileiro de Méodos Formais --- SBMF},
year = {2004},
}